<record><leader>00000cas a22000007a 4500</leader><controlfield tag="001">17536681</controlfield><controlfield tag="008">880225d19611976ohuwr ne      0    0eng d</controlfield><datafield ind1=" " ind2=" " tag="010"><subfield code="a">sn 88077159 </subfield></datafield><datafield ind1=" " ind2=" " tag="040"><subfield code="a">ONP</subfield><subfield code="b">eng</subfield><subfield code="c">ONP</subfield><subfield code="d">OCLCQ</subfield></datafield><datafield ind1=" " ind2=" " tag="042"><subfield code="a">msc</subfield></datafield><datafield ind1="0" ind2=" " tag="130"><subfield code="a">News tribune (Trotwood, Ohio)</subfield></datafield><datafield ind1="1" ind2="0" tag="245"><subfield code="a">News tribune.</subfield></datafield><datafield ind1="3" ind2="0" tag="246"><subfield code="a">North news tribune</subfield></datafield><datafield ind1=" " ind2=" " tag="250"><subfield code="a">Dayton ed.</subfield></datafield><datafield ind1=" " ind2=" " tag="260"><subfield code="a">Trotwood, Ohio :</subfield><subfield code="b">Trotwood Tribune Pub. Co.,</subfield><subfield code="c">1961-</subfield></datafield><datafield ind1=" " ind2=" " tag="300"><subfield code="a">v.</subfield></datafield><datafield ind1=" " ind2=" " tag="310"><subfield code="a">Weekly</subfield></datafield><datafield ind1="0" ind2=" " tag="362"><subfield code="a">Vol. 8, no. 36 (Apr. 6, 1961)-</subfield></datafield><datafield ind1="1" ind2=" " tag="362"><subfield code="a">Ceased in 1976?</subfield></datafield><datafield ind1=" " ind2=" " tag="500"><subfield code="a">Published as: North news tribune, Feb. 12-&lt;Dec. 3, 1970&gt;.</subfield></datafield><datafield ind1=" " ind2=" " tag="500"><subfield code="a">Published in Trotwood, Ohio, Apr. 6, 1961-Mar. 29, 1962 and Dayton, Ohio, Apr. 5, 1962-&lt;1976&gt;.</subfield></datafield><datafield ind1=" " ind2="4" tag="651"><subfield code="a">Dayton (Ohio)</subfield><subfield code="v">Newspapers.</subfield></datafield><datafield ind1=" " ind2="4" tag="651"><subfield code="a">Trotwood (Ohio)</subfield><subfield code="v">Newspapers.</subfield></datafield><datafield ind1=" " ind2="4" tag="651"><subfield code="a">Montgomery County (Ohio)</subfield><subfield code="v">Newspapers.</subfield></datafield><datafield ind1=" " ind2=" " tag="752"><subfield code="a">United States</subfield><subfield code="b">Ohio</subfield><subfield code="c">Montgomery</subfield><subfield code="d">Trotwood.</subfield></datafield><datafield ind1="0" ind2="0" tag="780"><subfield code="t">Photo news tribune</subfield><subfield code="w">(DLC)sn 88077158</subfield></datafield><datafield ind1="1" ind2=" " tag="029"><subfield code="a">AU@</subfield><subfield code="b">000025841256</subfield></datafield></record>